<record><leader>00000cas a22000007a 4500</leader><controlfield tag="001">22434167</controlfield><controlfield tag="008">900925d19881989mnuwr ne      0    0eng d</controlfield><datafield ind1=" " ind2=" " tag="010"><subfield code="a">sn 90060455 </subfield></datafield><datafield ind1=" " ind2=" " tag="040"><subfield code="a">MN#</subfield><subfield code="b">eng</subfield><subfield code="c">MN#</subfield><subfield code="d">OCLCQ</subfield></datafield><datafield ind1=" " ind2=" " tag="042"><subfield code="a">msc</subfield></datafield><datafield ind1=" " ind2=" " tag="043"><subfield code="a">n-us-mn</subfield></datafield><datafield ind1=" " ind2=" " tag="052"><subfield code="a">4144</subfield><subfield code="b">I5</subfield><subfield code="b">L736</subfield></datafield><datafield ind1=" " ind2=" " tag="052"><subfield code="a">4143</subfield><subfield code="b">K6</subfield></datafield><datafield ind1="0" ind2="4" tag="245"><subfield code="a">The international clipper viewpoint and the Littlefork times and Littlefork guardian.</subfield></datafield><datafield ind1="1" ind2="7" tag="246"><subfield code="a">International clipper viewpoint, Littlefork times &amp; guardian</subfield></datafield><datafield ind1=" " ind2=" " tag="260"><subfield code="a">International Falls, Minn. ;</subfield><subfield code="a">Littlefork, Minn. :</subfield><subfield code="b">Barbara M. Painter,</subfield><subfield code="c">1988-</subfield></datafield><datafield ind1=" " ind2=" " tag="300"><subfield code="a">v.</subfield></datafield><datafield ind1=" " ind2=" " tag="310"><subfield code="a">Weekly</subfield></datafield><datafield ind1="0" ind2=" " tag="362"><subfield code="a">Vol. 80, no. 33 (Aug. 17, 1988)-</subfield></datafield><datafield ind1="1" ind2=" " tag="362"><subfield code="a">Ceased in 1989.</subfield></datafield><datafield ind1=" " ind2=" " tag="530"><subfield code="a">Available on microfilm from the Minnesota Historical Society.</subfield></datafield><datafield ind1=" " ind2=" " tag="752"><subfield code="a">United States</subfield><subfield code="b">Minnesota</subfield><subfield code="c">Koochiching</subfield><subfield code="d">International Falls.</subfield></datafield><datafield ind1=" " ind2=" " tag="752"><subfield code="a">United States</subfield><subfield code="b">Minnesota</subfield><subfield code="c">Koochiching</subfield><subfield code="d">Littlefork.</subfield></datafield><datafield ind1="0" ind2="4" tag="780"><subfield code="t">International clipper</subfield></datafield><datafield ind1="0" ind2="4" tag="780"><subfield code="t">Littlefork times and Littlefork guardian</subfield><subfield code="w">(DLC)sn 90060454</subfield></datafield></record>